<record><leader>00000cas a22000007a 4500</leader><controlfield tag="001">11379967</controlfield><controlfield tag="008">841113d19232014pauwr n       0    0eng d</controlfield><datafield ind1=" " ind2=" " tag="010"><subfield code="a">sn 87080024 </subfield></datafield><datafield ind1=" " ind2=" " tag="040"><subfield code="a">LFM</subfield><subfield code="b">eng</subfield><subfield code="c">LFM</subfield><subfield code="d">NPH</subfield><subfield code="d">DLC</subfield><subfield code="d">NPH</subfield><subfield code="d">CUS</subfield><subfield code="d">OCLCQ</subfield><subfield code="d">OCLCF</subfield><subfield code="d">UPM</subfield></datafield><datafield ind1=" " ind2=" " tag="037"><subfield code="b">Sunday News, 8. W. King St., Lancaster, PA 17603</subfield></datafield><datafield ind1=" " ind2=" " tag="042"><subfield code="a">msc</subfield></datafield><datafield ind1=" " ind2=" " tag="043"><subfield code="a">n-us-pa</subfield></datafield><datafield ind1="0" ind2="0" tag="050"><subfield code="a">Newspaper</subfield></datafield><datafield ind1="0" ind2=" " tag="130"><subfield code="a">Sunday news (Lancaster, Pa.)</subfield></datafield><datafield ind1="1" ind2="0" tag="245"><subfield code="a">Sunday news.</subfield></datafield><datafield ind1="1" ind2="3" tag="246"><subfield code="a">Lancaster Sunday news</subfield></datafield><datafield ind1="1" ind2="3" tag="246"><subfield code="a">Sunday news and news journal</subfield></datafield><datafield ind1=" " ind2=" " tag="260"><subfield code="a">Lancaster, Pa. :</subfield><subfield code="b">Steinman and Steinman,</subfield><subfield code="c">-2014.</subfield></datafield><datafield ind1=" " ind2=" " tag="300"><subfield code="a">v. :</subfield><subfield code="b">ill. ;</subfield><subfield code="c">57 cm.</subfield></datafield><datafield ind1=" " ind2=" " tag="310"><subfield code="a">Weekly</subfield></datafield><datafield ind1="1" ind2=" " tag="362"><subfield code="a">Began in Sept. 1923; ceased with Oct. 12, 2014.</subfield></datafield><datafield ind1=" " ind2=" " tag="500"><subfield code="a">Publisher: Lancaster Sunday News, Inc., &lt;1952-1962&gt;.</subfield></datafield><datafield ind1=" " ind2=" " tag="580"><subfield code="a">Daily eds.: News-journal (Lancaster, Pa.), and: Lancaster intelligencer. News journal, and: Intelligencer journal, and: Intelligencer journal/Lancaster new era.</subfield></datafield><datafield ind1=" " ind2=" " tag="580"><subfield code="a">Merged with: Intelligencer journal/Lancaster new era; to form: LNP always Lancaster.</subfield></datafield><datafield ind1=" " ind2=" " tag="588"><subfield code="a">Description based on: Vol. 1, no. 2 (Sept. 23, 1923).</subfield></datafield><datafield ind1=" " ind2="0" tag="651"><subfield code="a">Lancaster (Pa.)</subfield><subfield code="v">Newspapers.</subfield></datafield><datafield ind1=" " ind2="7" tag="651"><subfield code="a">Pennsylvania</subfield><subfield code="z">Lancaster.</subfield><subfield code="2">fast</subfield><subfield code="0">(OCoLC)fst01206374</subfield></datafield><datafield ind1=" " ind2="7" tag="655"><subfield code="a">Newspapers.</subfield><subfield code="2">fast</subfield><subfield code="0">(OCoLC)fst01423814</subfield></datafield><datafield ind1=" " ind2=" " tag="752"><subfield code="a">United States</subfield><subfield code="b">Pennsylvania</subfield><subfield code="c">Lancaster</subfield><subfield code="d">Lancaster.</subfield></datafield><datafield ind1="0" ind2=" " tag="775"><subfield code="t">Sunday news (Lancaster, Pa. : York City and Co. ed.)</subfield><subfield code="w">(DLC)sn 87080034</subfield></datafield><datafield ind1="1" ind2=" " tag="775"><subfield code="t">News-journal (Lancaster, Pa.)</subfield><subfield code="w">(DLC)sn 87078011</subfield></datafield><datafield ind1="1" ind2=" " tag="775"><subfield code="t">Lancaster intelligencer. News journal</subfield><subfield code="w">(DLC)sn 87078001</subfield></datafield><datafield ind1="1" ind2=" " tag="775"><subfield code="t">Intelligencer journal</subfield><subfield code="x">0889-4140</subfield><subfield code="w">(DLC)sn 86001804</subfield><subfield code="w">(OCoLC)2262429</subfield></datafield><datafield ind1="1" ind2=" " tag="775"><subfield code="t">Intelligencer journal/Lancaster new era</subfield></datafield><datafield ind1="1" ind2="7" tag="785"><subfield code="t">Intelligencer journal/Lancaster new era</subfield></datafield><datafield ind1="1" ind2="7" tag="785"><subfield code="t">LNP always Lancaster</subfield><subfield code="w">(DLC)  2014264127</subfield><subfield code="w">(OCoLC)893477795</subfield></datafield><datafield ind1="1" ind2=" " tag="029"><subfield code="a">AU@</subfield><subfield code="b">000025810569</subfield></datafield></record>